@article{wardrop1952road,
  title={Road paper. some theoretical aspects of road traffic research.},
  author={Wardrop, John Glen},
  journal={Proceedings of the institution of civil engineers},
  volume={1},
  number={3},
  pages={325--362},
  year={1952},
  publisher={Thomas Telford-ICE Virtual Library}
}

@Book{Shef85,
  Title={Urban Transportation Networks},
  Author={Yosef Sheffi},
  Publisher={Prentice-Hall},
  Year={1985},
  Address={Englewood Cliffs, New Jersey, USA}
}